@article{Yarden1987,
  doi = {10.1021/bi00379a035},
  url = {http://dx.doi.org/10.1021/bi00379a035},
  year  = {1987},
  month = {mar},
  publisher = {American Chemical Society ({ACS})},
  volume = {26},
  number = {5},
  pages = {1443--1451},
  author = {Yosef Yarden and Joseph Schlessinger},
  title = {Epidermal growth factor induces rapid,  reversible aggregation of the purified epidermal growth factor receptor},
  journal = {Biochemistry}
}
@article{Downward1984,
  doi = {10.1038/311483a0},
  url = {http://dx.doi.org/10.1038/311483a0},
  year  = {1984},
  month = {oct},
  publisher = {Springer Nature},
  volume = {311},
  number = {5985},
  pages = {483--485},
  author = {J. Downward and P. Parker and M. D. Waterfield},
  title = {Autophosphorylation sites on the epidermal growth factor receptor},
  journal = {Nature}
}
@article{Oda2005,
  doi = {10.1038/msb4100014},
  url = {http://dx.doi.org/10.1038/msb4100014},
  year  = {2005},
  month = {may},
  publisher = {Wiley-Blackwell},
  volume = {1},
  number = {1},
  pages = {E1--E17},
  author = {Kanae Oda and Yukiko Matsuoka and Akira Funahashi and Hiroaki Kitano},
  title = {A comprehensive pathway map of epidermal growth factor receptor signaling},
  journal = {Mol Syst Biol}
}
@article{Walker2009,
  doi = {10.1016/j.humpath.2009.05.010},
  url = {http://dx.doi.org/10.1016/j.humpath.2009.05.010},
  year  = {2009},
  month = {nov},
  publisher = {Elsevier {BV}},
  volume = {40},
  number = {11},
  pages = {1517--1527},
  author = {Francine Walker and Laurent Abramowitz and Dalila Benabderrahmane and Xavier Duval and V{\'{e}}ronique Descatoire and Dominique H{\'{e}}nin and Th{\'{e}}r{\`{e}}se Lehy and Thomas Aparicio},
  title = {Growth factor receptor expression in anal squamous lesions: modifications associated with oncogenic human papillomavirus and human immunodeficiency virus},
  journal = {Human Pathology}
}
@article{Paez2004,
  doi = {10.1126/science.1099314},
  url = {http://dx.doi.org/10.1126/science.1099314},
  year  = {2004},
  month = {jun},
  publisher = {American Association for the Advancement of Science ({AAAS})},
  volume = {304},
  number = {5676},
  pages = {1497--1500},
  author = {J. G. Paez},
  title = {{EGFR} Mutations in Lung Cancer: Correlation with Clinical Response to Gefitinib Therapy},
  journal = {Science}
}
@article{Rosell2009,
  doi = {10.1056/nejmoa0904554},
  url = {http://dx.doi.org/10.1056/NEJMoa0904554},
  year  = {2009},
  month = {sep},
  publisher = {New England Journal of Medicine ({NEJM}/{MMS})},
  volume = {361},
  number = {10},
  pages = {958--967},
  author = {Rafael Rosell and Teresa Moran and Cristina Queralt and Rut Porta and Felipe Cardenal and Carlos Camps and Margarita Majem and Guillermo Lopez-Vivanco and Dolores Isla and Mariano Provencio and Amelia Insa and Bartomeu Massuti and Jose Luis Gonzalez-Larriba and Luis Paz-Ares and Isabel Bover and Rosario Garcia-Campelo and Miguel Angel Moreno and Silvia Catot and Christian Rolfo and Noemi Reguart and Ramon Palmero and Jos{\'{e}} Miguel S{\'{a}}nchez and Roman Bastus and Clara Mayo and Jordi Bertran-Alamillo and Miguel Angel Molina and Jose Javier Sanchez and Miquel Taron},
  title = {Screening for Epidermal Growth Factor Receptor Mutations in Lung Cancer},
  journal = {New England Journal of Medicine}
}
@article{Lynch2004,
  doi = {10.1056/nejmoa040938},
  url = {http://dx.doi.org/10.1056/NEJMoa040938},
  year  = {2004},
  month = {may},
  publisher = {New England Journal of Medicine ({NEJM}/{MMS})},
  volume = {350},
  number = {21},
  pages = {2129--2139},
  author = {Thomas J. Lynch and Daphne W. Bell and Raffaella Sordella and Sarada Gurubhagavatula and Ross A. Okimoto and Brian W. Brannigan and Patricia L. Harris and Sara M. Haserlat and Jeffrey G. Supko and Frank G. Haluska and David N. Louis and David C. Christiani and Jeff Settleman and Daniel A. Haber},
  title = {Activating Mutations in the Epidermal Growth Factor Receptor Underlying Responsiveness of Non{\textendash}Small-Cell Lung Cancer to Gefitinib},
  journal = {New England Journal of Medicine}
}
@article{Kris2003,
  doi = {10.1001/jama.290.16.2149},
  url = {http://dx.doi.org/10.1001/jama.290.16.2149},
  year  = {2003},
  month = {oct},
  publisher = {American Medical Association ({AMA})},
  volume = {290},
  number = {16},
  pages = {2149},
  author = {Mark G. Kris and Ronald B. Natale and Roy S. Herbst and Thomas J. Lynch,  Jr and Diane Prager and Chandra P. Belani and Joan H. Schiller and Karen Kelly and Harris Spiridonidis and Alan Sandler and Kathy S. Albain and David Cella and Michael K. Wolf and Steven D. Averbuch and Judith J. Ochs and Andrea C. Kay},
  title = {Efficacy of Gefitinib,  an Inhibitor of the Epidermal Growth Factor Receptor Tyrosine Kinase,  in Symptomatic Patients With Non{\textendash}Small Cell Lung Cancer},
  journal = {{JAMA}}
}
@article{Fukuoka2003,
  doi = {10.1200/jco.2003.10.038},
  url = {http://dx.doi.org/10.1200/JCO.2003.10.038},
  year  = {2003},
  month = {may},
  publisher = {American Society of Clinical Oncology ({ASCO})},
  volume = {21},
  number = {12},
  pages = {2237--2246},
  author = {M. Fukuoka},
  title = {Multi-Institutional Randomized Phase {II} Trial of Gefitinib for Previously Treated Patients With Advanced Non-Small-Cell Lung Cancer},
  journal = {Journal of Clinical Oncology}
}
@article{Kosaka2004,
  doi = {10.1158/0008-5472.can-04-2818},
  url = {http://dx.doi.org/10.1158/0008-5472.CAN-04-2818},
  year  = {2004},
  month = {dec},
  publisher = {American Association for Cancer Research ({AACR})},
  volume = {64},
  number = {24},
  pages = {8919--8923},
  author = {T. Kosaka},
  title = {Mutations of the Epidermal Growth Factor Receptor Gene in Lung Cancer: Biological and Clinical Implications},
  journal = {Cancer Research}
}
@article{Yun2007,
  doi = {10.1016/j.ccr.2006.12.017},
  url = {http://dx.doi.org/10.1016/j.ccr.2006.12.017},
  year  = {2007},
  month = {mar},
  publisher = {Elsevier {BV}},
  volume = {11},
  number = {3},
  pages = {217--227},
  author = {Cai-Hong Yun and Titus J. Boggon and Yiqun Li and Michele S. Woo and Heidi Greulich and Matthew Meyerson and Michael J. Eck},
  title = {Structures of Lung Cancer-Derived {EGFR} Mutants and Inhibitor Complexes: Mechanism of Activation and Insights into Differential Inhibitor Sensitivity},
  journal = {Cancer Cell}
}
@article{Yun2008,
  doi = {10.1073/pnas.0709662105},
  url = {http://dx.doi.org/10.1073/pnas.0709662105},
  year  = {2008},
  month = {jan},
  publisher = {Proceedings of the National Academy of Sciences},
  volume = {105},
  number = {6},
  pages = {2070--2075},
  author = {C.-H. Yun and K. E. Mengwasser and A. V. Toms and M. S. Woo and H. Greulich and K.-K. Wong and M. Meyerson and M. J. Eck},
  title = {The T790M mutation in {EGFR} kinase causes drug resistance by increasing the affinity for {ATP}},
  journal = {Proceedings of the National Academy of Sciences}
}
@article{Bell2005,
  doi = {10.1038/ng1671},
  url = {http://dx.doi.org/10.1038/ng1671},
  year  = {2005},
  month = {oct},
  publisher = {Springer Nature},
  volume = {37},
  number = {12},
  pages = {1315--1316},
  author = {Daphne W Bell and Ira Gore and Ross A Okimoto and Nadia Godin-Heymann and Raffaella Sordella and Roseann Mulloy and Sreenath V Sharma and Brian W Brannigan and Gayatry Mohapatra and Jeff Settleman and Daniel A Haber},
  title = {Inherited susceptibility to lung cancer may be associated with the T790M drug resistance mutation in {EGFR}},
  journal = {Nature Genetics}
}
@article{Zhang2006,
  doi = {10.1016/j.cell.2006.05.013},
  url = {http://dx.doi.org/10.1016/j.cell.2006.05.013},
  year  = {2006},
  month = {jun},
  publisher = {Elsevier {BV}},
  volume = {125},
  number = {6},
  pages = {1137--1149},
  author = {Xuewu Zhang and Jodi Gureasko and Kui Shen and Philip A. Cole and John Kuriyan},
  title = {An Allosteric Mechanism for Activation of the Kinase Domain of Epidermal Growth Factor Receptor},
  journal = {Cell}
}
